@online{learnelec,
        title = {Peak-to-peak Voltage (VPP) Calculator},
        author = {Learning About Electronics},
        url = {http://www.learningaboutelectronics.com/Articles/Peak-to-peak-voltage-calculator.php},
        keywords = {circuits}
}
