@book{efstathiou,
    title = {Ψηφιακή Σχεδίαση},
    author = {Κώστας Ευσταθίου},
    isbn = {9789606759819},
    year = {2015},
    publisher = {NewTech Pub},
    keywords = {logic}
}
