@book{papadopoulos,
    title = {Ανάλυση Ηλεκτρικών Κυκλωμάτων},
    author = {Κωνσταντίνος Παπαδόπουλος},
    isbn = {9786185066895},
    year = {2017},
    publisher = {Εκδόσεις Τσότρας},
    keywords = {circuits}
}

@online{mcallister,
    title = {Kirchhoff's laws},
    author = {Willy McAllister},
    url = {https://www.khanacademy.org/science/electrical-engineering/ee-circuit-analysis-topic/ee-dc-circuit-analysis/a/ee-kirchhoffs-laws},
    keywords = {circuits}
}

@online{harvard,
    title = {I-V Curves; Voltage Dividers},
    author = {Harvard University},
    url = {http://ipl.physics.harvard.edu/wp-uploads/2014/08/15b_2.pdf},
    keywords = {circuits}
}
