@book{papadopoulos,
    title = {Ανάλυση Ηλεκτρικών Κυκλωμάτων},
    author = {Κωνσταντίνος Παπαδόπουλος},
    isbn = {9786185066895},
    year = {2017},
    publisher = {Εκδόσεις Τσότρας},
    keywords = {circuits}
}
