@inbook{mit,
    title = {Operational Amplifiers},
    author = {Chaniotakis, Cory},
    year = {2006},
    publisher = {MIT},
    keywords = {mit},
    url = {https://ocw.mit.edu/courses/6-071j-introduction-to-electronics-signals-and-measurement-spring-2006/resources/22_op_amps1/}
}

@inbook{cpp,
    title = {Introduction to Operational Amplifiers},
    author = {Phyllis R. Nelson},
    year = {2012},
    publisher = {California State Polytechnic},
    keywords = {cpp},
    url = {https://www.cpp.edu/~prnelson/courses/ece322/322-opamps-f12.pdf}
}
